%% This BibTeX bibliography file was created using BibDesk.
%% http://bibdesk.sourceforge.net/


%% Created for Stefan Starflinger at 2018-04-22 20:43:50 +0200 


%% Saved with string encoding Unicode (UTF-8) 



@conference{blocher,
	Author = {Prof. Dr. Dr. Walter Blocher},
	Booktitle = {71. Deutscher Juristentag},
	Date-Added = {2018-04-22 18:41:28 +0000},
	Date-Modified = {2018-04-22 18:43:50 +0000},
	Title = {The next big thing: Blockchain - Bitcoin - Smart Contracts},
	Year = {2016}}

@article{iota_wp,
	Author = {Serguei Popov},
	Date-Added = {2018-04-21 13:21:43 +0000},
	Date-Modified = {2018-04-21 13:26:09 +0000},
	Month = {February},
	Title = {The Tangle},
	Year = {2018}}

@inproceedings{andrieux2007web,
	Author = {Andrieux, Alain and Czajkowski, Karl and Dan, Asit and Keahey, Kate and Ludwig, Heiko and Nakata, Toshiyuki and Pruyne, Jim and Rofrano, John and Tuecke, Steve and Xu, Ming},
	Booktitle = {Open grid forum},
	Date-Added = {2018-04-06 18:40:00 +0000},
	Date-Modified = {2018-04-06 18:40:00 +0000},
	Number = {1},
	Pages = {216},
	Title = {Web services agreement specification (WS-Agreement)},
	Volume = {128},
	Year = {2007}}

@article{nakamoto2008bitcoin,
	Author = {Nakamoto, Satoshi},
	Date-Added = {2018-04-02 17:09:22 +0000},
	Date-Modified = {2018-04-02 17:09:22 +0000},
	Title = {Bitcoin: A peer-to-peer electronic cash system},
	Year = {2008}}
